<?xml version="1.0" encoding="utf-8"?>
<record xmlns="http://www.loc.gov/MARC21/slim" xmlns:xsi="http://www.w3.org/2001/XMLSchema-instance" xsi:schemaLocation="http://www.loc.gov/MARC21/slim http://www.loc.gov/standards/marcxml/schema/MARC21slim.xsd">
	<leader>     nam a22     Mi 4500</leader>
	<controlfield tag="001">b12469579</controlfield>
	<controlfield tag="003">LeBAU</controlfield>
	<controlfield tag="006">m        d        </controlfield>
	<controlfield tag="007">cr cn |||m|||a</controlfield>
	<controlfield tag="008">210616s1931    ti      o     000 0 ara  </controlfield>
	<datafield ind1=" " ind2=" " tag="040">
		<subfield code="a">ZYU</subfield>
		<subfield code="b">ara</subfield>
		<subfield code="e">rda</subfield>
		<subfield code="c">ZYU</subfield>
	</datafield>
	<datafield ind1="0" ind2="4" tag="082">
		<subfield code="a">305.486</subfield>
		<subfield code="2">23</subfield>
	</datafield>
	<datafield ind1="1" ind2=" " tag="100">
		<subfield code="6">880-01</subfield>
		<subfield code="a">Ibn Murād, Muḥammad al-Ṣālih.</subfield>
		<subfield code="e">author.</subfield>
		<subfield code="0">https://lccn.loc.gov/nr92010876 ,</subfield>
	</datafield>
	<datafield ind1="1" ind2="0" tag="245">
		<subfield code="6">880-02</subfield>
		<subfield code="a">al-Ḥidād ʻalá imraʼat al-Ḥaddād, aw, Radd al-khaṭāʼ wa-al-kufr wa-al-bidaʻ allatī ḥawāhā kitāb īmraʼatunā fī al-sharīʻah wa-al-mujtamaʻ /</subfield>
		<subfield code="c">taʼlīf al-faqīr ila al-Karīm al-Jawād ʻabduhu Muḥammad al-Ṣālih ibn Murād, al-mudarris al-Ḥanafī min al-rutbah al-ulā bil-Jāmiʻ al-Aʻẓam.</subfield>
	</datafield>
	<datafield ind1="3" ind2="0" tag="246">
		<subfield code="6">880-03</subfield>
		<subfield code="a">Radd al-khaṭāʼ wa-al-kufr wa-al-bidaʻ allatī ḥawāhā kitāb īmraʼatunā fī al-sharīʻah wa-al-mujtamaʻ</subfield>
	</datafield>
	<datafield ind1=" " ind2=" " tag="250">
		<subfield code="6">880-04</subfield>
		<subfield code="a">Ṭabʻah ūlá.</subfield>
	</datafield>
	<datafield ind1=" " ind2="1" tag="264">
		<subfield code="6">880-05</subfield>
		<subfield code="a">Tūnis :</subfield>
		<subfield code="b">Maṭbaʻat al-Tūnisīyah,</subfield>
		<subfield code="c">1931.</subfield>
	</datafield>
	<datafield ind1=" " ind2=" " tag="300">
		<subfield code="6">880-06</subfield>
		<subfield code="a">online resource (238 pages)</subfield>
	</datafield>
	<datafield ind1=" " ind2=" " tag="336">
		<subfield code="a">text</subfield>
		<subfield code="2">rdacontent</subfield>
	</datafield>
	<datafield ind1=" " ind2=" " tag="337">
		<subfield code="a">computer</subfield>
		<subfield code="2">rdamedia</subfield>
	</datafield>
	<datafield ind1=" " ind2=" " tag="338">
		<subfield code="a">online resource</subfield>
		<subfield code="2">rdacarrier</subfield>
	</datafield>
	<datafield ind1=" " ind2=" " tag="500">
		<subfield code="a">Part of the Arabic Collections Online (ACO) project, contributed by American University of Beirut's Jafet Memorial Library.</subfield>
	</datafield>
	<datafield ind1=" " ind2=" " tag="533">
		<subfield code="a">Electronic reproduction.</subfield>
		<subfield code="b">New York, N.Y. :</subfield>
		<subfield code="c">New York University,</subfield>
		<subfield code="d">2021.</subfield>
		<subfield code="5">NNU</subfield>
	</datafield>
	<datafield ind1="1" ind2="4" tag="600">
		<subfield code="a">الحداد، الطاهر،</subfield>
		<subfield code="d">1899-1935.</subfield>
		<subfield code="t">إمرأتنا في الشريعة والمجتمع.</subfield>
	</datafield>
	<datafield ind1="1" ind2="0" tag="600">
		<subfield code="a">Ḥaddād, al-Ṭāhir,</subfield>
		<subfield code="d">1899-1935.</subfield>
		<subfield code="t">Imraʼatunā fī al-sharīʼah wa-al-mujtamaʻ.</subfield>
	</datafield>
	<datafield ind1=" " ind2="4" tag="650">
		<subfield code="a">المرأة (الفقه الاسلامي)</subfield>
		<subfield code="z">تونس.</subfield>
	</datafield>
	<datafield ind1=" " ind2="4" tag="650">
		<subfield code="a">المرأة في الاسلام.</subfield>
	</datafield>
	<datafield ind1=" " ind2="4" tag="650">
		<subfield code="a">المرأة والاسلام.</subfield>
	</datafield>
	<datafield ind1=" " ind2="0" tag="650">
		<subfield code="a">Women (Islamic law)</subfield>
		<subfield code="z">Tunisia.</subfield>
	</datafield>
	<datafield ind1=" " ind2="0" tag="650">
		<subfield code="a">Women in Islam.</subfield>
	</datafield>
	<datafield ind1=" " ind2="0" tag="650">
		<subfield code="a">Women and Islam.</subfield>
	</datafield>
	<datafield ind1="2" ind2=" " tag="710">
		<subfield code="a">Jafet Memorial Library.</subfield>
	</datafield>
	<datafield ind1="0" ind2=" " tag="730">
		<subfield code="a">Arabic Collections Online.</subfield>
	</datafield>
	<datafield ind1="0" ind2="8" tag="776">
		<subfield code="i">Print version:</subfield>
		<subfield code="a">Ibn Murād, Muḥammad al-Ṣālih. author. https://lccn.loc.gov/nr92010876 ,</subfield>
		<subfield code="t">al-Ḥidād ʻalá imraʼat al-Ḥaddād, aw, Radd al-khaṭāʼ wa-al-kufr wa-al-bidaʻ allatī ḥawāhā kitāb īmraʼatunā fī al-sharīʻah wa-al-mujtamaʻ</subfield>
		<subfield code="w">(LeBAU)b12469579</subfield>
	</datafield>
	<datafield ind1="0" ind2="8" tag="787">
		<subfield code="6">880-07</subfield>
		<subfield code="i">is critique of (work)</subfield>
		<subfield code="4">http://rdaregistry.info/Elements/w/P10182 :</subfield>
		<subfield code="a">Ḥaddād, al-Ṭāhir, 1899-1935.</subfield>
		<subfield code="t">Imraʼatunā fī al-sharīʼah wa-al-mujtamaʻ.</subfield>
		<subfield code="b">al-Ṭabʻah al-thāniyah.</subfield>
		<subfield code="d">Tūnis : al-Dār al-Tūnisīyah lil-Nashr, 1972</subfield>
		<subfield code="w">(OCoLC)784331175</subfield>
		<subfield code="w">(OCoLC)784331175</subfield>
	</datafield>
	<datafield ind1="4" ind2="0" tag="856">
		<subfield code="u">http://hdl.handle.net/2333.1/189328xf</subfield>
	</datafield>
	<datafield ind1="1" ind2=" " tag="880">
		<subfield code="6">100-01</subfield>
		<subfield code="a">ابن المراد، محمد الصالح،</subfield>
		<subfield code="0">https://lccn.loc.gov/nr92010876 ,</subfield>
		<subfield code="e">مؤلف. </subfield>
		<subfield code="4">aut.</subfield>
	</datafield>
	<datafield ind1="1" ind2="3" tag="880">
		<subfield code="6">245-02</subfield>
		<subfield code="a">الحداد على امرأة الحدّاد، أو، رد الخطأ والكفر والبدع التي حواها كتاب امرأتنا في الشريعة والمجتمع /</subfield>
		<subfield code="c">تأليف الفقير الى الكريم الجواد عبده محمد الصالح بن مراد المدرس الحنفي من الرتبة الأولى بالجامع الأعظم.</subfield>
	</datafield>
	<datafield ind1="3" ind2="0" tag="880">
		<subfield code="6">246-03</subfield>
		<subfield code="a">رد الخطأ والكفر والبدع التي حواها كتاب امرأتنا في الشريعة والمجتمع</subfield>
	</datafield>
	<datafield ind1=" " ind2=" " tag="880">
		<subfield code="6">250-04</subfield>
		<subfield code="a">طبعة أولى.</subfield>
	</datafield>
	<datafield ind1=" " ind2="1" tag="880">
		<subfield code="6">264-05</subfield>
		<subfield code="a">تونس :</subfield>
		<subfield code="b">المطبعة التونسية،</subfield>
		<subfield code="c">1931.</subfield>
	</datafield>
	<datafield ind1=" " ind2=" " tag="880">
		<subfield code="6">300-06</subfield>
		<subfield code="a">238 صفحة ؛</subfield>
		<subfield code="c">24 سم</subfield>
	</datafield>
	<datafield ind1="0" ind2="8" tag="880">
		<subfield code="6">787-07</subfield>
		<subfield code="i">نقد (عمل)</subfield>
		<subfield code="4">http://rdaregistry.info/Elements/w/P10182 :</subfield>
		<subfield code="a">الحداد، الطاهر، 1899-1935.</subfield>
		<subfield code="t">إمرأتنا في الشريعة والمجتمع.</subfield>
		<subfield code="b">الطبعة الثانية.</subfield>
		<subfield code="d">تونس : الدار التونسية للنشر، 1972</subfield>
		<subfield code="w">(LEAUB)b12469634</subfield>
		<subfield code="w">(OCoLC)784331175</subfield>
	</datafield>
	<datafield ind1=" " ind2=" " tag="959">
		<subfield code="a">NNU</subfield>
		<subfield code="b">WEB</subfield>
		<subfield code="c">GENI</subfield>
		<subfield code="t">0</subfield>
		<subfield code="m">Electronic access</subfield>
		<subfield code="s">01</subfield>
	</datafield>
	<datafield ind1=" " ind2=" " tag="999">
		<subfield code="i">LeBAU_b12469579</subfield>
		<subfield code="s">aub_aco004276</subfield>
		<subfield code="e">(ERROR-MISC)</subfield>
	</datafield>
</record>
